@inproceedings{KoEmDe:09:ParliamentIndexing,
	author = {Dave Kolas and Ian Emmons and Mike Dean},
	title = {Efficient Linked-List RDF Indexing in Parliament},
	booktitle = {Proceedings of the Fifth International Workshop on Scalable Semantic Web Knowledge Base Systems (SSWS 2009)},
	date = {2009-10},
	pages = {17--32},
	publisher = {Springer},
	series = {Lecture Notes in Computer Science},
	number = {5823},
	venue = {Washington, DC},
	url = {http://ceur-ws.org/Vol-517/}
}

@report{Ko:2010,
	author = {Dave Kolas},
	title = {Spatiotemporal Indexing in Parliament with Jena},
	type = {Report},
	institution = {RTX BBN Technologies},
	date = {2010-06-23},
	location = {Jena Users Workshop, 2010 Semantic Technology Conference, San Francisco, CA},
	url = {http://asio.bbn.com/2010/06/semtech/Parliament_Spatiotemporal_Indexing.pdf},
}

@article{BaKo:2012,
	author = {Robert Battle and Dave Kolas},
	title = {Enabling the Geospatial Semantic Web with Parliament and GeoSPARQL},
	journaltitle = {Semantic Web},
	date = {2012-10},
	volume = {3},
	number = {4},
	pages = {355--370},
	url = {http://www.semantic-web-journal.net/sites/default/files/swj176_2.pdf},
}

@online{SparqlGraphStoreProtocol,
	author = {Chimezie Ogbuji},
	title = {SPARQL 1.1 Graph Store HTTP Protocol},
	date = {2013-03-21},
	url = {https://www.w3.org/TR/sparql11-http-rdf-update/},
	organization = {World Wide Web Consortium (W3C)},
	version = {1.1}
}
